@misc{small_step_semantics,
  author = {Formal Methods Team, IOHK},
  title  = {Small Step Semantics for Cardano},
  year   = {2018},
  url   = {https://github.com/input-output-hk/cardano-chain/blob/master/specs/semantics/latex/small-step-semantics.tex},
}


@misc{delegation_design,
  author = {Philipp Kant and Lars Br\"unjes and Duncan Coutts},
  title  = {Design Specification for Delegation and Incentives in
Cardano},
  year   = {2018},
  url   = {https://github.com/input-output-hk/cardano-ledger-specs/tree/master/docs/delegation_design_spec},
}

@article{chimeric,
  author  = {Joachim Zahnentferner},
  title   = {Chimeric Ledgers: Translating and Unifying UTXO-based and Account-based Cryptocurrencies},
  journal = {Cryptology ePrint Archive, Report 2018/262},
  year    = {2018},
  url     = {https://eprint.iacr.org/2018/262},
}

@article{utxo_scripts,
  author  = {Joachim Zahnentferner},
  title   = {An Abstract Model of UTxO-based Cryptocurrencies with Scripts},
  journal = {Cryptology ePrint Archive, Report 2018/469},
  year    = {2018},
  url     = {https://eprint.iacr.org/2018/469},
}

@article{multi_currency,
  author  = {Joachim Zahnentferner},
  title   = {Multi-Currency Ledgers},
  journal = {??},
  year    = {2018},
}

@article{shelley_consensus,
  author = {Formal Methods Team, IOHK},
  title   = {?? - Shelley Consensus},
  year    = {TODO},
}

@article{DBLP:journals/jar/AkbarpourP10,
  author    = {Behzad Akbarpour and
               Lawrence C. Paulson},
  title     = {MetiTarski: An Automatic Theorem Prover for Real-Valued Special Functions},
  journal   = {J. Autom. Reasoning},
  volume    = {44},
  number    = {3},
  pages     = {175--205},
  year      = {2010},
  url       = {https://doi.org/10.1007/s10817-009-9149-2},
  doi       = {10.1007/s10817-009-9149-2},
  timestamp = {Wed, 14 Nov 2018 10:38:36 +0100},
  biburl    = {https://dblp.org/rec/bib/journals/jar/AkbarpourP10},
  bibsource = {dblp computer science bibliography, https://dblp.org}
}
