@misc{small_step_semantics,
  author = {Formal Methods Team, IOHK},
  title  = {Small Step Semantics for Cardano},
  year   = {2018},
  url   = {https://github.com/input-output-hk/cardano-chain/blob/master/specs/semantics/latex/small-step-semantics.tex},
}


@misc{delegation_design,
  author = {Philipp Kant and Lars Br\"unjes and Duncan Coutts},
  title  = {Design Specification for Delegation and Incentives in
Cardano},
  year   = {2018},
  url   = {https://github.com/input-output-hk/cardano-ledger-specs/tree/master/docs/delegation_design_spec},
}

@article{chimeric,
  author  = {Joachim Zahnentferner},
  title   = {Chimeric Ledgers: Translating and Unifying UTXO-based and Account-based Cryptocurrencies},
  journal = {Cryptology ePrint Archive, Report 2018/262},
  year    = {2018},
  url     = {https://eprint.iacr.org/2018/262},
}

@article{utxo_scripts,
  author  = {Joachim Zahnentferner},
  title   = {An Abstract Model of UTxO-based Cryptocurrencies with Scripts},
  journal = {Cryptology ePrint Archive, Report 2018/469},
  year    = {2018},
  url     = {https://eprint.iacr.org/2018/469},
}

@article{multi_currency,
  author  = {Joachim Zahnentferner},
  title   = {Multi-Currency Ledgers},
  journal = {??},
  year    = {2018},
}

@article{shelley_consensus,
  author = {Formal Methods Team, IOHK},
  title   = {?? - Shelley Consensus},
  year    = {TODO},
}

@article{shelley_spec,
  author = {Formal Methods Team, IOHK},
  title  = {A Formal Specification of the Cardano Ledger},
  year   = {TODO},
}

@misc{ouroboros,
    author = {Aggelos Kiayias and Alexander Russell and Bernardo David and Roman Oliynykov},
    title = {Ouroboros: A Provably Secure Proof-of-Stake Blockchain Protocol},
    howpublished = {Cryptology ePrint Archive, Report 2016/889},
    year = {2016},
    note = {\url{http://eprint.iacr.org/2016/889}},
}
