@misc{small_step_semantics,
  author = {Formal Methods Team, IOHK},
  title  = {Small Step Semantics for Cardano},
  year   = {2018},
  url    = {https://github.com/input-output-hk/cardano-ledger/releases/latest/download/small-step-semantics.pdf}
}
