@misc{small_step_semantics,
  label =  {FM-TR-2018-01},
  author = {{IOHK Formal Methods Team}},
  title  = {{Small Step Semantics for Cardano, IOHK Technical Report FM-TR-2018-01}},
  year   = {2018},
  url   = {https://github.com/input-output-hk/cardano-chain/blob/master/specs/semantics/latex/small-step-semantics.tex},
}


@misc{delegation_design,
  label =  {SL-D1},
  author = {{IOHK Formal Methods Team}},
  title  = {{Design Specification for Delegation and Incentives in Cardano, IOHK Deliverable SL-D1}},
  year   = {2018},
  url   = {https://github.com/input-output-hk/cardano-ledger/tree/master/eras/shelley/design-spec/shelley-delegation.tex},
}

@misc{byron_ledger_spec,
  label =  {BL-D1},
  author = {{IOHK Formal Methods Team}},
  title  = {{Byron Ledger Specification, IOHK Deliverable BL-D1}},
  year   = {2019},
  url   = {https://github.com/input-output-hk/cardano-ledger/tree/master/docs/},
}

@misc{byron_chain_spec,
  label =  {BC-D1},
  author = {{IOHK Formal Methods Team}},
  title  = {{Byron Blockchain Specification, IOHK Deliverable BC-D1}},
  year   = {2019},
  url   = {https://github.com/input-output-hk/cardano-ledger/tree/master/docs/},
}

@article{chimeric,
  author  = {Joachim Zahnentferner},
  title   = {Chimeric Ledgers: Translating and Unifying UTXO-based and Account-based Cryptocurrencies},
  journal = {Cryptology ePrint Archive, Report 2018/262},
  year    = {2018},
  url     = {https://eprint.iacr.org/2018/262},
}

@article{utxo_scripts,
  author  = {Joachim Zahnentferner},
  title   = {An Abstract Model of UTxO-based Cryptocurrencies with Scripts},
  journal = {Cryptology ePrint Archive, Report 2018/469},
  year    = {2018},
  url     = {https://eprint.iacr.org/2018/469},
}

@article{multi_currency,
  author  = {Joachim Zahnentferner},
  title   = {Multi-Currency Ledgers},
  journal = {??},
  year    = {2018},
}

@article{shelley_consensus,
  label =  {SC-DX},
  author = {{IOHK Formal Methods Team}},
  title   = {{?? - Shelley Consensus, IOHK Deliverable SC-DX}},
  year    = {TODO},
}

@misc{shelley_spec,
  label = {SL-D5},
  author = {{IOHK Formal Methods Team}},
  title  = {{A Formal Specification of the Cardano Ledger, IOHK Deliverable SL-D5}},
  year   = {2019},
  url = {https://github.com/input-output-hk/cardano-ledger/tree/master/eras/shelley/formal-spec/shelley-ledger.tex}
}

@misc{shelley_multisig,
  label = {SL-D3},
  author = {{IOHK Formal Methods Team}},
  title  = {{A Formal Specification of a Multi-Signature Scheme using Scripts, IOHK Deliverable SL-D3}},
  year   = {2019},
}

@misc{ouroboros,
    label = {Ouroboros-Protocol},
    author = {Aggelos Kiayias and Alexander Russell and Bernardo David and Roman Oliynykov},
    title = {Ouroboros: A Provably Secure Proof-of-Stake Blockchain Protocol},
    howpublished = {Cryptology ePrint Archive, Report 2016/889},
    year = {2016},
    note = {\url{http://eprint.iacr.org/2016/889}},
}

@inproceedings{chakravarty2020extended,
  title={The extended UTXO model},
  author={Chakravarty, Manuel MT and Chapman, James and MacKenzie, Kenneth and Melkonian, Orestis and Jones, Michael Peyton and Wadler, Philip},
  booktitle={International Conference on Financial Cryptography and Data Security},
  pages={525--539},
  year={2020},
  organization={Springer},
  url={https://iohk.io/en/research/library/papers/the-extended-utxo-model/}
}

@conference{ouroboros_classic,
  author    = {Aggelos Kiayias and Alexander Russell and Bernardo David and Roman Oliynykov},
  title     = {Ouroboros: A Provably Secure Proof-of-Stake Blockchain Protocol},
  booktitle = {Advances in Cryptology -- CRYPTO 2017},
  series    = {Security and Cryptology},
  volume    = {10401},
  year      = {2017},
  publisher = {Springer International Publishing},
  url       = {https://eprint.iacr.org/2016/889},
  doi       = {10.1007/978-3-319-63688-7},
}

@article{ouroboros_praos,
  title={Ouroboros Praos: An adaptively-secure, semi-synchronous proof-of-stake protocol},
  author={Bernardo Machado David and Peter Gazi and Aggelos Kiayias and Alexander Russell},
  journal={IACR Cryptology ePrint Archive},
  year={2017},
  volume={2017},
  pages={573}
}

@article{utxo_accounting,
  author  = {Joachim Zahnentferner},
  title   = {Chimeric Ledgers: Translating and Unifying UTXO-based and Account-based Cryptocurrencies},
  journal = {Cryptology ePrint Archive, Report 2018/262},
  year    = {2018},
  url     = {https://eprint.iacr.org/2018/262},
}

@misc{bip32,
  author = {Pieter Wuille},
  title  = {Hierarchical Deterministic Wallets},
  year   = {2012},
  month  = {February},
  url    = {https://github.com/bitcoin/bips/blob/master/bip-0032.mediawiki},
  note   = {BIP-32},
}

@misc{bip45,
  author = {Manuel Araoz and Ryan X. Charles and Matias Alejo Garcia},
  title  = {Structure for Deterministic P2SH Multisignature Wallets},
  year   = {2014},
  month  = {April},
  url    = {https://github.com/bitcoin/bips/blob/master/bip-0045.mediawiki},
  note   = {BIP-45},
}

@misc{bkks2018,
	Author = {Lars Bruenjes and Aggelos Kiayias and Elias Koutsoupias and Aikaterini-Panagiota Stouka},
	Date-Added = {2018-08-05 08:14:11 +0000},
	Date-Modified = {2018-08-07 09:48:36 +0000},
	Howpublished = {Computer Science and Game Theory (cs.GT) arXiv:1807.11218},
	Title = {Reward Sharing Schemes for Stake Pools},
	Year = {2018}}

@misc{cryptoeprint:2001:034,
    author = {Tal Malkin and Daniele Micciancio and Sara Miner},
    title = {Composition and Efficiency Tradeoffs for Forward-Secure Digital Signatures},
    howpublished = {Cryptology ePrint Archive, Report 2001/034},
    year = {2001},
    note = {\url{https://eprint.iacr.org/2001/034}},
}

@article{DBLP:journals/jar/AkbarpourP10,
  author    = {Behzad Akbarpour and
               Lawrence C. Paulson},
  title     = {MetiTarski: An Automatic Theorem Prover for Real-Valued Special Functions},
  journal   = {J. Autom. Reasoning},
  volume    = {44},
  number    = {3},
  pages     = {175--205},
  year      = {2010},
  url       = {https://doi.org/10.1007/s10817-009-9149-2},
  doi       = {10.1007/s10817-009-9149-2},
  timestamp = {Wed, 14 Nov 2018 10:38:36 +0100},
  biburl    = {https://dblp.org/rec/bib/journals/jar/AkbarpourP10},
  bibsource = {dblp computer science bibliography, https://dblp.org}
  }

@article{DBLP:journals/tcs/Escardo96,
  author    = {Mart{\'{\i}}n H{\"{o}}tzel Escard{\'{o}}},
  title     = {{PCF} Extended with Real Numbers},
  journal   = {Theor. Comput. Sci.},
  volume    = {162},
  number    = {1},
  pages     = {79--115},
  year      = {1996},
  url       = {https://doi.org/10.1016/0304-3975(95)00250-2},
  doi       = {10.1016/0304-3975(95)00250-2},
  timestamp = {Sun, 28 May 2017 13:20:09 +0200},
  biburl    = {https://dblp.org/rec/bib/journals/tcs/Escardo96},
}

@misc{multi-sig-scripts,
    author = {Jared Corduan and Matthias G\"{u}demann},
    title = {A Formal Specification of a Multi-Signature Scheme using Scripts},
    year = {2019}
}

@misc{stake-pool-ranking,
    author = {Alexander Byaly and Jared Corduan},
    title = {Stake Pool Ranking in Cardano},
    year = {2020},
    url   = {https://hydra.iohk.io/job/Cardano/cardano-ledger/specs.pool-ranking/latest/download-by-type/doc-pdf/pool-ranking},
}
