@misc{delegation_design,
  author = {Philipp Kant and Lars Br\"unjes and Duncan Coutts},
  title  = {Design Specification for Delegation and Incentives in
Cardano},
  year   = {2018},
  url   = {https://github.com/input-output-hk/cardano-sl/blob/philipp/cdec-147/docs/delegation_design_spec.tex},
}
