@misc{small_step_semantics,
  label =  {CdoSem},
  author = {{Formal Methods Team, IOHK}},
  title  = {{Small Step Semantics for Cardano}},
  year   = {2018},
  url   = {https://github.com/input-output-hk/cardano-chain/blob/master/specs/semantics/latex/small-step-semantics.tex},
}


@misc{delegation_design,
  label =  {cdoDel},
  author = {Philipp Kant and Lars Br\"unjes and Duncan Coutts},
  title  = {{Design Specification for Delegation and Incentives in Cardano}},
  year   = {2018},
  url   = {https://github.com/input-output-hk/cardano-ledger-specs/tree/master/docs/delegation_design_spec},
}

@article{chimeric,
  author  = {Joachim Zahnentferner},
  title   = {Chimeric Ledgers: Translating and Unifying UTXO-based and Account-based Cryptocurrencies},
  journal = {Cryptology ePrint Archive, Report 2018/262},
  year    = {2018},
  url     = {https://eprint.iacr.org/2018/262},
}

@article{utxo_scripts,
  author  = {Joachim Zahnentferner},
  title   = {An Abstract Model of UTxO-based Cryptocurrencies with Scripts},
  journal = {Cryptology ePrint Archive, Report 2018/469},
  year    = {2018},
  url     = {https://eprint.iacr.org/2018/469},
}

@article{multi_currency,
  author  = {Joachim Zahnentferner},
  title   = {Multi-Currency Ledgers},
  journal = {??},
  year    = {2018},
}

@techreport{cardano_consensus,
     title = {{The Cardano Consensus and Storage Layer}},
     author = {Edsko de Vries and Thomas Winant and Duncan Coutts},
     year = {2021},
     institution = {IOHK},
     url = {https://hydra.iohk.io/build/5265971/download/1/report.pdf}
}

@misc{shelley_spec,
  label = {CdoLedger},
  author = {{Formal Methods Team, IOHK}},
  title  = {{A Formal Specification of the Cardano Ledger}},
  year   = {2019},
  url = {https://github.com/input-output-hk/cardano-ledger-specs/tree/master/shelley/chain-and-ledger/formal-spec/ledger-spec.tex}
}

@misc{shelley_ma_spec,
  label = {CdoLedger},
  author = {{Formal Methods Team, IOHK}},
  title  = {{A Formal Specification of the Cardano Ledger with a Native Multi-Asset Implementation}},
  year   = {2019},
  url = {https://github.com/input-output-hk/cardano-ledger-specs/tree/master/shelley-ma/formal-spec/shelley-ma.tex}
}

@misc{ouroboros,
    label = {CdoProt},
    author = {Aggelos Kiayias and Alexander Russell and Bernardo David and Roman Oliynykov},
    title = {Ouroboros: A Provably Secure Proof-of-Stake Blockchain Protocol},
    howpublished = {Cryptology ePrint Archive, Report 2016/889},
    year = {2016},
    note = {\url{http://eprint.iacr.org/2016/889}},
}

@misc{plutus_eutxo,
label = {CdoUTxoExt},
author = {{Plutus Team, IOHK}},
title = {{The Extended UTxO Model}},
year  = {2019},
url = {https://github.com/input-output-hk/plutus/tree/master/docs/extended-utxo}
}

@misc{formal_multicur,
label = {CdoFMCUR},
author = {{Plutus Team, Ledger Team, IOHK}},
title = {{A Formal Specification of a UTxO Ledger with Scripts and Multi-Currency}},
year  = {2019},
url = {https://github.com/input-output-hk/cardano-ledger-specs/blob/master/shelley/chain-and-ledger/formal-spec/scripts-multicurrency.tex}
}

@misc{multi_sig,
  label = {CdoMSIG},
  author = {{Formal Methods Team, IOHK}},
  title = {{A Formal Specification of a Multi-Signature Scheme using Scripts}},
  year  = {2019},
  url = {https://github.com/input-output-hk/cardano-ledger-specs/blob/master/shelley/chain-and-ledger/formal-spec/multi-sig.tex}
}

@misc{non_int,
  label = {CdoNonInt},
  author = {{Matthias Gudemann}},
  title = {{A Specification of the Non-Integral Calculations in the Ledger}},
  year  = {2019},
  url = {https://hydra.iohk.io/build/779843/download/1/non-integer-calculations.pdf}
}
