@conference{ouroboros_classic,
  author    = {Aggelos Kiayias and Alexander Russell and Bernardo David and Roman Oliynykov},
  title     = {Ouroboros: A Provably Secure Proof-of-Stake Blockchain Protocol},
  booktitle = {Advances in Cryptology -- CRYPTO 2017},
  series    = {Security and Cryptology},
  volume    = {10401},
  year      = {2017},
  publisher = {Springer International Publishing},
  url       = {https://eprint.iacr.org/2016/889},
  doi       = {10.1007/978-3-319-63688-7},
}

@article{ouroboros_praos,
  title={Ouroboros Praos: An adaptively-secure, semi-synchronous proof-of-stake protocol},
  author={Bernardo Machado David and Peter Gazi and Aggelos Kiayias and Alexander Russell},
  journal={IACR Cryptology ePrint Archive},
  year={2017},
  volume={2017},
  pages={573}
}

@article{utxo_accounting,
  author  = {Joachim Zahnentferner},
  title   = {Chimeric Ledgers: Translating and Unifying UTXO-based and Account-based Cryptocurrencies},
  journal = {Cryptology ePrint Archive, Report 2018/262},
  year    = {2018},
  url     = {https://eprint.iacr.org/2018/262},
}

@misc{bip32,
  author = {Pieter Wuille},
  title  = {Hierarchical Deterministic Wallets},
  year   = {2012},
  month  = {February},
  url    = {https://github.com/bitcoin/bips/blob/master/bip-0032.mediawiki},
  note   = {BIP-32},
}

@misc{bkks2018,
	Author = {Lars Bruenjes and Aggelos Kiayias and Elias Koutsoupias and Aikaterini-Panagiota Stouka},
	Date-Added = {2018-08-05 08:14:11 +0000},
	Date-Modified = {2018-08-07 09:48:36 +0000},
	Howpublished = {Computer Science and Game Theory (cs.GT) arXiv:1807.11218},
	Title = {Reward Sharing Schemes for Stake Pools},
	Year = {2018}}

@misc{cryptoeprint:2001:034,
    author = {Tal Malkin and Daniele Micciancio and Sara Miner},
    title = {Composition and Efficiency Tradeoffs for Forward-Secure Digital Signatures},
    howpublished = {Cryptology ePrint Archive, Report 2001/034},
    year = {2001},
    note = {\url{https://eprint.iacr.org/2001/034}},
}
