@misc{small_step_semantics,
  author = {Formal Methods Team, IOHK},
  title  = {Small Step Semantics for Cardano},
  year   = {2018},
  url   = {https://hydra.iohk.io/job/Cardano/cardano-chain/semanticsSpec/latest/download/1/small-steps.pdf}
}
