@misc{delegation_design,
  label =  {SL-D1},
  author = {{IOHK Formal Methods Team}},
  title  = {{Design Specification for Delegation and Incentives in Cardano, IOHK Deliverable SL-D1}},
  year   = {2018},
  url   = {https://github.com/input-output-hk/cardano-ledger/releases/latest/download/shelley-delegation.pdf}
}

@misc{bkks2018,
	Author = {Lars Bruenjes and Aggelos Kiayias and Elias Koutsoupias and Aikaterini-Panagiota Stouka},
	Date-Added = {2018-08-05 08:14:11 +0000},
	Date-Modified = {2018-08-07 09:48:36 +0000},
	Howpublished = {Computer Science and Game Theory (cs.GT) arXiv:1807.11218},
	Title = {Reward Sharing Schemes for Stake Pools},
	Year = {2018}}
